@article{Aho:1976:OCG:321958.321970,
 author = {Aho, A. V. and Johnson, S. C.},
 title = {Optimal Code Generation for Expression Trees},
 journal = {J. ACM},
 issue_date = {July 1976},
 volume = {23},
 number = {3},
 month = jul,
 year = {1976},
 issn = {0004-5411},
 pages = {488--501},
 numpages = {14},
 url = {http://doi.acm.org/10.1145/321958.321970},
 doi = {10.1145/321958.321970},
 acmid = {321970},
 publisher = {ACM},
 address = {New York, NY, USA},
}
@misc{GraphViz,
  title = {GraphViz},
  howpublished = {\url{http://www.graphviz.org}},
}
@article{sanyalcode,
  title={Code Generation},
  author={Sanyal, Amitabha},
  url = {http://www.cse.iitb.ac.in/~uday/courses/cs324-06/code-generation.ps}
}